@manual{vulkan_spec,
	author = {{The Khronos® Vulkan Working Group}},
	title = {Vulkan® 1.2.141 - A Specification},
	url = {https://www.khronos.org/registry/vulkan/specs/1.2-extensions/html/vkspec.html},
	year = {2020}
}

@misc{vulkan_tutorial,
	author = {{Alexander Overvoorde}},
	title = {Vulkan tutorial},
	url = {https://vulkan-tutorial.com/Overview},
	year = {2020}
}

@manual{nvidia_optix,
	author = {{Chakravarty R. Alla Chaitanya, Anton Kaplanyan, Christoph Schied, Marco Salvi, Aaron Lefohn, Derek Nowrouzezahrai, Timo Aila}},
	title = {Interactive Reconstruction of Monte Carlo Image Sequences using a Recurrent Denoising Autoencoder},
	url = {https://research.nvidia.com/sites/default/files/publications/dnn_denoise_author.pdf},
	year = {2017}
}

@book{ray_tracing,
	author = {Kevin Suffern},
	title = {Ray Tracing from the Ground Up},
	publisher = {A K Peters, Ltd.},
	address = {Wellesley, Massachusetts},
	year = {2007}
}

@misc{comparison,
	author = {Jesse Gomez},
	title = {Minecraft RTX Ray Tracing Graphics Comparison},
	url = {https://www.ign.com/videos/2019/10/23/minecraft-rtx-ray-tracing-graphics-comparison},
	year = {2019}
}
	
@misc{minecraft_rtx,
	author = {Nvidia staff},
	title = {The Minecraft with RTX Beta Is Out Now!},
	url = {https://www.nvidia.com/en-gb/geforce/news/minecraft-with-rtx-beta-out-now-download-play/},
	year = {2020}
}